
@phdthesis{meirelles2013monitoramento,
	 title={Monitoramento de m{\'e}tricas de c{\'o}digo-fonte em projetos de software livre},
	 author={Meirelles, Paulo Roberto Miranda},
	 year={2013},
	 school={Universidade de S{\~a}o Paulo},
	 url={http://www.teses.usp.br/teses/disponiveis/45/45134/tde-27082013-090242/pt-br.php}
}

@mastersthesis{de2013kalibro,
  title={Kalibro: interpreta{\c{c}}{\~a}o de m{\'e}tricas de c{\'o}digo-fonte},
  author={de Oliveira Filho, Carlos Morais},
  year={2013},
  school={Universidade de S{\~a}o Paulo}
}

@inproceedings{terceiro2010analizo,
  title={Analizo: an extensible multi-language source code analysis and visualization toolkit},
  author={Terceiro, Antonio and Costa, Joenio and Miranda, Jo{\~a}o and Meirelles, Paulo and Rios, Luiz Rom{\'a}rio and Almeida, Lucianna and Chavez, Christina and Kon, Fabio},
  booktitle={Brazilian Conference on Software: Theory and Practice (CBSoft)--Tools, Salvador-Brazil},
  volume={29},
  year={2010}
}

@TECHREPORT{mills1988,
  author = {Everald E. Mills},
  title = {Software Metrics},
  institution = {Software Engineering Institute, SEI - Carnegie Mellon University},
  year = {1988},
  owner = {inpe},
  timestamp = {2013.06.07}
}

@article{namiot2014micro,
  title={On Micro-services Architecture},
  author={Namiot, Dmitry and Sneps-Sneppe, Manfred},
  journal={International Journal of Open Information Technologies},
  volume={2},
  number={9},
  pages={24--27},
  year={2014}
}

@INPROCEEDINGS{mezuro2012,
author = {Paulo Meirelles and Carlos Morais and
Rafael Martins and Fabio Kon (USP) and Carlos Santos Jr. and José Maldonado},
title = {Mezuro Platform: Source Code Tracking Network},
booktitle = {Tools session -- Congresso Brasileiro de Software: Teoria e Prática},
year = {2012}
}

@BOOK{Martin2008,
  title = {{Clean Code - A Handbook of Agile Software Craftsmanship}},
  publisher = {Prentice Hall},
  year = {2008},
  author = {Robert C. Martin},
}
