@article{naur1969software,
	  title={Software Engineering: Report of a conference sponsored by the NATO Science Committee, Garmisch, Germany, 7-11 Oct. 1968, Brussels, Scientific Affairs Division, NATO},
	  author={Naur, Peter and Randell, Brian},
	  year={1969}
}

@phdthesis{meirelles2013monitoramento,
	 title={Monitoramento de m{\'e}tricas de c{\'o}digo-fonte em projetos de software livre},
	 author={Meirelles, Paulo Roberto Miranda},
	 year={2013},
	 school={Universidade de S{\~a}o Paulo},
	 url={http://www.teses.usp.br/teses/disponiveis/45/45134/tde-27082013-090242/pt-br.php}
}

@article{meirelles2009crab,
	  title={Crab: Uma ferramenta de configura{\c{c}}{\~a}o e interpreta{\c{c}}{\~a}o de m{\'e}tricas de software para avalia{\c{c}}{\~a}o de qualidade de c{\'o}digo},
		author={Meirelles, Paulo RM and C{\'o}be, Raphael and Hanazumi, Simone and Nunes, Paulo and Challco, Geiser and Morais, Eduardo and Kon, Fabio},
		journal={XXIII SBES-Simp{\'o}sio Brasileiro de Engenharia de Software (XVI Sess{\~a}o de Ferramentas). Citado na p{\'a}g},
		volume={33},
		year={2009}
}

@article{vincenzi2003jabuti,
  title={JaBUTi: A coverage analysis tool for Java programs},
  author={Vincenzi, AMR and Wong, WE and Delamaro, ME and Maldonado, JC},
  journal={XVII SBES--Simp{\'o}sio Brasileiro de Engenharia de Software},
  pages={79--84},
  year={2003}
}

@mastersthesis{de2013kalibro,
  title={Kalibro: interpreta{\c{c}}{\~a}o de m{\'e}tricas de c{\'o}digo-fonte},
  author={de Oliveira Filho, Carlos Morais},
  year={2013},
  school={Universidade de S{\~a}o Paulo}
}

@inproceedings{terceiro2010analizo,
  title={Analizo: an extensible multi-language source code analysis and visualization toolkit},
  author={Terceiro, Antonio and Costa, Joenio and Miranda, Jo{\~a}o and Meirelles, Paulo and Rios, Luiz Rom{\'a}rio and Almeida, Lucianna and Chavez, Christina and Kon, Fabio},
  booktitle={Brazilian Conference on Software: Theory and Practice (CBSoft)--Tools, Salvador-Brazil},
  volume={29},
  year={2010}
}

