@InProceedings{Ding01ontologylibrary,
    author = {Ying Ding and Dieter Fensel},
    title = {Ontology Library Systems: The key to successful Ontology Re-use},
    booktitle = {Stanford University 2001; S},
    year = {2001},
    pages = {93--112}
}
@InProceedings{KP98,
author={Sébastien  Konieczny and Ramón  Pino Pérez},
title= {On the logic of merging},
booktitle = {Sixth International Conference on Principles of Knowledge Representation and Reasoning (KR'98)} ,
pages = {488-498},
year= {1998}
}

@inproceedings{gorogiannis2008merging,
 author = {Gorogiannis, N. and Hunter, A.},
 title = {Merging first-order knowledge using dilation operators},
 booktitle = {Proceedings of the 5th international conference on Foundations of information and knowledge systems (FoIKS'08)},
 year = {2008},
 isbn = {3-540-77683-4, 978-3-540-77683-3},
 location = {Pisa, Italy},
 pages = {132--150},
 numpages = {19},
 url = {http://portal.acm.org/citation.cfm?id=1786094.1786107},
 acmid = {1786107},
 publisher = {Springer-Verlag},
 address = {Berlin, Heidelberg},
} 


@inproceedings{Revesz93arbitration,
 author = {Revesz, Peter Z.},
 title = {On the semantics of theory change: arbitration between old and new information},
 booktitle = {Proceedings of the twelfth ACM SIGACT-SIGMOD-SIGART symposium on Principles of database systems},
 series = {PODS '93},
 year = {1993},
 isbn = {0-89791-593-3},
 location = {Washington, D.C., United States},
 pages = {71--82},
 numpages = {12},
 url = {http://doi.acm.org/10.1145/153850.153857},
 doi = {http://doi.acm.org/10.1145/153850.153857},
 acmid = {153857},
 publisher = {ACM},
 address = {New York, NY, USA},
} 

@article{Revesz95onthe,
    author = {Peter Z. Revesz},
    title = {On the Semantics of Arbitration},
    journal = {International Journal of Algebra and Computation},
    year = {1995},
    volume = {7},
    pages = {133--160}
}

@InProceedings{KP99,
author={Sébastien  Konieczny and Ramón  Pino Pérez},
title= {Merging with integrity constraints},
booktitle = {Fifth European Conference on Symbolic and Quantitative Approaches to Reasoning with Uncertainty (ECSQARU'99)} ,
pages = {233-244},
year= {1999}
}

@InProceedings{K00,
author={Sébastien  Konieczny},
title= {On the difference between merging knowledge bases and combining them},
booktitle = {Seventh International Conference on Principles of Knowledge Representation and Reasoning (KR'00)} ,
pages = {135-144},
year= {2000}
}

@inproceedings{Gorogiannis08Merging,
 author = {Gorogiannis, N. and Hunter, A.},
 title = {Merging first-order knowledge using dilation operators},
 booktitle = {Proceedings of the 5th international conference on Foundations of information and knowledge systems},
 series = {FoIKS'08},
 year = {2008},
 isbn = {3-540-77683-4, 978-3-540-77683-3},
 location = {Pisa, Italy},
 pages = {132--150},
 numpages = {19},
 url = {http://portal.acm.org/citation.cfm?id=1786094.1786107},
 acmid = {1786107},
 publisher = {Springer-Verlag},
 address = {Berlin, Heidelberg},
} 


@article{920602,
author={Maedche, A. and Staab, S.},
journal={Intelligent Systems, IEEE}, title={Ontology learning for the Semantic Web},
year={2001},
month={mar-apr},
volume={16},
number={2},
pages={ 72 - 79},
keywords={ Internet; Semantic Web; XML documents; machine understanding; metadata; ontology engineering environments; ontology learning; semiautomatic ontology construction tools; Internet; hypermedia markup languages; information resources; knowledge acquisition; learning (artificial intelligence); meta data;},
doi={10.1109/5254.920602},
ISSN={1541-1672},}


@Article{KP11,
	author={Sébastien  Konieczny and Ramón  Pino Pérez},
	title= {Logic Based Merging},
	journal = {Journal of Philosophical Logic},
	volume = {40}, 
	number = {2},
	pages = {239-270},
	year= {2011}
}


@incollection{Gardenfors92,
	Author = {Peter G\"ardenfors},
	Booktitle = {Belief Revision},
	Pages = {1-20},
	Publisher = {Cambridge University Press},
	Title = {Belief revision: an introduction},
	Year = {1992}
}
	
@article{alchourron1985logic,
	title={On the logic of theory change: Partial meet contraction and revision functions},
	author={Alchourr{\'o}n, C.E. and G{\"a}rdenfors, P. and Makinson, D.},
	journal={The journal of symbolic logic},
	volume={50},
	number={2},
	pages={510--530},
	year={1985},
	publisher={JSTOR}
}

@INPROCEEDINGS{Stumme01fca-merge:bottom-up,
	author = {Gerd Stumme and Alexander Maedche},
	title = {FCA-MERGE: Bottom-Up Merging of Ontologies},
	booktitle = {In Proceedings of the 17th Intl. Conf. on Artificial Intelligence IJCAI '01 IJCAI},
	year = {2001},
	pages = {225--230},
	address = {Seatle, USA}
}

@article{haase2005framework,
  title={A framework for handling inconsistency in changing ontologies},
  author={van Harmelen, F. and Haase, P. and and Huang, Z. and Stuckenschmidt, H. and Sure, Y.},
  journal={The Semantic Web--ISWC 2005},
  pages={353--367},
  year={2005},
  publisher={Springer}
}



@article{Noy2003983,
title = "The PROMPT suite: interactive tools for ontology merging and mapping",
journal = "International Journal of Human-Computer Studies",
volume = "59",
number = "6",
pages = "983 - 1024",
year = "2003",
note = "",
issn = "1071-5819",
doi = "DOI: 10.1016/j.ijhcs.2003.08.002",
url = "http://www.sciencedirect.com/science/article/pii/S107158190300137X",
author = "Natalya F. Noy and Mark A. Musen"
}

@inproceedings{falconer2007ontology,
  title={Ontology mapping-a user survey},
  author={Falconer, S.M. and Noy, N.F. and Storey, M.A.},
  booktitle={Proceedings of the Workshop on Ontology Matching (OM2007) at ISWC/ASWC2007},
  year={2007},
  address={Busan, South Korea}
}

@inproceedings{meyer2005knowledge,
  title={Knowledge integration for description logics},
  author={Meyer, T. and Lee, K. and Booth, R.},
  booktitle={Proceedings of the National Conference on Artificial Intelligence AAAI'05},
  volume={20},
  number={2},
  pages={645-650},
  year={2005},
  organization={AAAI Press}
}

@inproceedings{meyer2006finding,
  title={Finding maximally satisfiable terminologies for the description logic ALC},
  author={Meyer, T. and Lee, K. and Booth, R. and Pan, J.Z.},
  booktitle={PROCEEDINGS OF THE NATIONAL CONFERENCE ON ARTIFICIAL INTELLIGENCE},
  volume={21},
  number={1},
  pages={269},
  year={2006},
  organization={AAAI Press}
}

@inproceedings{fridman2000prompt,
  title={PROMPT: algorithm and tool for automated ontology merging and alignment},
  author={Noy, N. and Musen, M.A.},
  booktitle={Proceedings of the 17th National Conference on Artificial Intelligence (AAAI-00).},
  pages={450--455},
  year={2000}
}

@article{gruber1993translation,
  title={A translation approach to portable ontology specifications},
  author={Gruber, T.R.},
  journal={Knowledge acquisition},
  volume={5},
  number={2},
  pages={199--220},
  year={1993},
  publisher = {Academic Press Ltd.},
  address = {London, UK, UK},
}

@article{qi2006revision,
  title={A revision-based approach to handling inconsistency in description logics},
  author={Qi, G. and Liu, W. and Bell, D.},
  journal={Journal of Artificial Intelligence Review},
  volume={26},
  number={1},
  year={2006},
  publisher={Springer}
}